%YAML 1.1
%TAG !u! tag:unity3d.com,2011:
--- !u!1 &4515792378380618858
GameObject:
  m_ObjectHideFlags: 0
  m_CorrespondingSourceObject: {fileID: 0}
  m_PrefabInstance: {fileID: 0}
  m_PrefabAsset: {fileID: 0}
  serializedVersion: 6
  m_Component:
  - component: {fileID: 4515792378380618859}
  m_Layer: 0
  m_Name: FireLight
  m_TagString: Untagged
  m_Icon: {fileID: 0}
  m_NavMeshLayer: 0
  m_StaticEditorFlags: 0
  m_IsActive: 1
--- !u!4 &4515792378380618859
Transform:
  m_ObjectHideFlags: 0
  m_CorrespondingSourceObject: {fileID: 0}
  m_PrefabInstance: {fileID: 0}
  m_PrefabAsset: {fileID: 0}
  m_GameObject: {fileID: 4515792378380618858}
  m_LocalRotation: {x: -0, y: -0, z: -0, w: 1}
  m_LocalPosition: {x: 0, y: -0.3, z: 0}
  m_LocalScale: {x: 1, y: 0.7, z: 1}
  m_Children:
  - {fileID: 7658658281213117179}
  - {fileID: 7658658282745717171}
  m_Father: {fileID: 4515792379260379259}
  m_RootOrder: 1
  m_LocalEulerAnglesHint: {x: 0, y: 0, z: 0}
--- !u!1 &4515792378940860532
GameObject:
  m_ObjectHideFlags: 0
  m_CorrespondingSourceObject: {fileID: 0}
  m_PrefabInstance: {fileID: 0}
  m_PrefabAsset: {fileID: 0}
  serializedVersion: 6
  m_Component:
  - component: {fileID: 4515792378940860534}
  - component: {fileID: 4515792378940860535}
  - component: {fileID: 4515792378940860533}
  - component: {fileID: 5498533165622217163}
  - component: {fileID: 7306511393008149245}
  m_Layer: 0
  m_Name: PlayerImage
  m_TagString: Untagged
  m_Icon: {fileID: 0}
  m_NavMeshLayer: 0
  m_StaticEditorFlags: 0
  m_IsActive: 1
--- !u!4 &4515792378940860534
Transform:
  m_ObjectHideFlags: 0
  m_CorrespondingSourceObject: {fileID: 0}
  m_PrefabInstance: {fileID: 0}
  m_PrefabAsset: {fileID: 0}
  m_GameObject: {fileID: 4515792378940860532}
  m_LocalRotation: {x: 0, y: 0, z: 0, w: 1}
  m_LocalPosition: {x: 0, y: 0.2, z: -3}
  m_LocalScale: {x: 1, y: 1, z: 1}
  m_Children: []
  m_Father: {fileID: 4515792379260379259}
  m_RootOrder: 0
  m_LocalEulerAnglesHint: {x: 0, y: 0, z: 0}
--- !u!212 &4515792378940860535
SpriteRenderer:
  m_ObjectHideFlags: 0
  m_CorrespondingSourceObject: {fileID: 0}
  m_PrefabInstance: {fileID: 0}
  m_PrefabAsset: {fileID: 0}
  m_GameObject: {fileID: 4515792378940860532}
  m_Enabled: 1
  m_CastShadows: 0
  m_ReceiveShadows: 0
  m_DynamicOccludee: 1
  m_MotionVectors: 1
  m_LightProbeUsage: 1
  m_ReflectionProbeUsage: 1
  m_RayTracingMode: 0
  m_RenderingLayerMask: 1
  m_RendererPriority: 0
  m_Materials:
  - {fileID: 2100000, guid: a97c105638bdf8b4a8650670310a4cd3, type: 2}
  m_StaticBatchInfo:
    firstSubMesh: 0
    subMeshCount: 0
  m_StaticBatchRoot: {fileID: 0}
  m_ProbeAnchor: {fileID: 0}
  m_LightProbeVolumeOverride: {fileID: 0}
  m_ScaleInLightmap: 1
  m_ReceiveGI: 1
  m_PreserveUVs: 0
  m_IgnoreNormalsForChartDetection: 0
  m_ImportantGI: 0
  m_StitchLightmapSeams: 1
  m_SelectedEditorRenderState: 0
  m_MinimumChartSize: 4
  m_AutoUVMaxDistance: 0.5
  m_AutoUVMaxAngle: 89
  m_LightmapParameters: {fileID: 0}
  m_SortingLayerID: 0
  m_SortingLayer: 0
  m_SortingOrder: 0
  m_Sprite: {fileID: 21300000, guid: a6a74d0ac7ce3b14ba428ab68cc536d7, type: 3}
  m_Color: {r: 1, g: 1, b: 1, a: 1}
  m_FlipX: 0
  m_FlipY: 0
  m_DrawMode: 0
  m_Size: {x: 0.32, y: 0.32}
  m_AdaptiveModeThreshold: 0.5
  m_SpriteTileMode: 0
  m_WasSpriteAssigned: 1
  m_MaskInteraction: 0
  m_SpriteSortPoint: 0
--- !u!95 &4515792378940860533
Animator:
  serializedVersion: 3
  m_ObjectHideFlags: 0
  m_CorrespondingSourceObject: {fileID: 0}
  m_PrefabInstance: {fileID: 0}
  m_PrefabAsset: {fileID: 0}
  m_GameObject: {fileID: 4515792378940860532}
  m_Enabled: 1
  m_Avatar: {fileID: 0}
  m_Controller: {fileID: 9100000, guid: 6bb78d9105b220b41adb2e4a46c974cb, type: 2}
  m_CullingMode: 0
  m_UpdateMode: 0
  m_ApplyRootMotion: 0
  m_LinearVelocityBlending: 0
  m_WarningMessage: 
  m_HasTransformHierarchy: 1
  m_AllowConstantClipSamplingOptimization: 1
  m_KeepAnimatorControllerStateOnDisable: 0
--- !u!114 &5498533165622217163
MonoBehaviour:
  m_ObjectHideFlags: 0
  m_CorrespondingSourceObject: {fileID: 0}
  m_PrefabInstance: {fileID: 0}
  m_PrefabAsset: {fileID: 0}
  m_GameObject: {fileID: 4515792378940860532}
  m_Enabled: 1
  m_EditorHideFlags: 0
  m_Script: {fileID: 11500000, guid: 7f654200cbc16a54fa7980c4f1d03d36, type: 3}
  m_Name: 
  m_EditorClassIdentifier: 
  snowSteps:
  - {fileID: 8300000, guid: 0de73db3ffc69ef4e945f909b2d22e16, type: 3}
  - {fileID: 8300000, guid: 2607ff3620b7cf048aeb694474b26912, type: 3}
  - {fileID: 8300000, guid: fd01eb2f5a9799b4a8d62e8d7772d590, type: 3}
  - {fileID: 8300000, guid: e4314da9bd327824b8c6b59b38cebc31, type: 3}
  - {fileID: 8300000, guid: 1cbc753c0c3658e4cb4dc57733836c94, type: 3}
  - {fileID: 8300000, guid: adfaebc219a40724ca3354127ff92620, type: 3}
  - {fileID: 8300000, guid: f1b2e51965e9c8d4dbfd763906521382, type: 3}
--- !u!82 &7306511393008149245
AudioSource:
  m_ObjectHideFlags: 0
  m_CorrespondingSourceObject: {fileID: 0}
  m_PrefabInstance: {fileID: 0}
  m_PrefabAsset: {fileID: 0}
  m_GameObject: {fileID: 4515792378940860532}
  m_Enabled: 1
  serializedVersion: 4
  OutputAudioMixerGroup: {fileID: 0}
  m_audioClip: {fileID: 0}
  m_PlayOnAwake: 1
  m_Volume: 0.591
  m_Pitch: 1
  Loop: 0
  Mute: 0
  Spatialize: 0
  SpatializePostEffects: 0
  Priority: 128
  DopplerLevel: 1
  MinDistance: 1
  MaxDistance: 500
  Pan2D: 0
  rolloffMode: 0
  BypassEffects: 0
  BypassListenerEffects: 0
  BypassReverbZones: 0
  rolloffCustomCurve:
    serializedVersion: 2
    m_Curve:
    - serializedVersion: 3
      time: 0
      value: 1
      inSlope: 0
      outSlope: 0
      tangentMode: 0
      weightedMode: 0
      inWeight: 0.33333334
      outWeight: 0.33333334
    - serializedVersion: 3
      time: 1
      value: 0
      inSlope: 0
      outSlope: 0
      tangentMode: 0
      weightedMode: 0
      inWeight: 0.33333334
      outWeight: 0.33333334
    m_PreInfinity: 2
    m_PostInfinity: 2
    m_RotationOrder: 4
  panLevelCustomCurve:
    serializedVersion: 2
    m_Curve:
    - serializedVersion: 3
      time: 0
      value: 0
      inSlope: 0
      outSlope: 0
      tangentMode: 0
      weightedMode: 0
      inWeight: 0.33333334
      outWeight: 0.33333334
    m_PreInfinity: 2
    m_PostInfinity: 2
    m_RotationOrder: 4
  spreadCustomCurve:
    serializedVersion: 2
    m_Curve:
    - serializedVersion: 3
      time: 0
      value: 0
      inSlope: 0
      outSlope: 0
      tangentMode: 0
      weightedMode: 0
      inWeight: 0.33333334
      outWeight: 0.33333334
    m_PreInfinity: 2
    m_PostInfinity: 2
    m_RotationOrder: 4
  reverbZoneMixCustomCurve:
    serializedVersion: 2
    m_Curve:
    - serializedVersion: 3
      time: 0
      value: 1
      inSlope: 0
      outSlope: 0
      tangentMode: 0
      weightedMode: 0
      inWeight: 0.33333334
      outWeight: 0.33333334
    m_PreInfinity: 2
    m_PostInfinity: 2
    m_RotationOrder: 4
--- !u!1 &4515792379260379261
GameObject:
  m_ObjectHideFlags: 0
  m_CorrespondingSourceObject: {fileID: 0}
  m_PrefabInstance: {fileID: 0}
  m_PrefabAsset: {fileID: 0}
  serializedVersion: 6
  m_Component:
  - component: {fileID: 4515792379260379259}
  - component: {fileID: 4515792379260379258}
  - component: {fileID: 4515792379260379257}
  - component: {fileID: 4515792379260379256}
  - component: {fileID: 4515792379260379263}
  - component: {fileID: 4515792379260379262}
  m_Layer: 0
  m_Name: Player
  m_TagString: Untagged
  m_Icon: {fileID: 0}
  m_NavMeshLayer: 0
  m_StaticEditorFlags: 0
  m_IsActive: 1
--- !u!4 &4515792379260379259
Transform:
  m_ObjectHideFlags: 0
  m_CorrespondingSourceObject: {fileID: 0}
  m_PrefabInstance: {fileID: 0}
  m_PrefabAsset: {fileID: 0}
  m_GameObject: {fileID: 4515792379260379261}
  m_LocalRotation: {x: 0, y: 0, z: 0, w: 1}
  m_LocalPosition: {x: -3.19, y: 0.26, z: 0}
  m_LocalScale: {x: 1, y: 1, z: 1}
  m_Children:
  - {fileID: 4515792378940860534}
  - {fileID: 4515792378380618859}
  m_Father: {fileID: 0}
  m_RootOrder: 0
  m_LocalEulerAnglesHint: {x: 0, y: 0, z: 0}
--- !u!50 &4515792379260379258
Rigidbody2D:
  serializedVersion: 4
  m_ObjectHideFlags: 0
  m_CorrespondingSourceObject: {fileID: 0}
  m_PrefabInstance: {fileID: 0}
  m_PrefabAsset: {fileID: 0}
  m_GameObject: {fileID: 4515792379260379261}
  m_BodyType: 0
  m_Simulated: 1
  m_UseFullKinematicContacts: 0
  m_UseAutoMass: 0
  m_Mass: 0.01
  m_LinearDrag: 10
  m_AngularDrag: 3
  m_GravityScale: 0
  m_Material: {fileID: 0}
  m_Interpolate: 0
  m_SleepingMode: 1
  m_CollisionDetection: 0
  m_Constraints: 4
--- !u!61 &4515792379260379257
BoxCollider2D:
  m_ObjectHideFlags: 0
  m_CorrespondingSourceObject: {fileID: 0}
  m_PrefabInstance: {fileID: 0}
  m_PrefabAsset: {fileID: 0}
  m_GameObject: {fileID: 4515792379260379261}
  m_Enabled: 1
  m_Density: 1
  m_Material: {fileID: 0}
  m_IsTrigger: 0
  m_UsedByEffector: 0
  m_UsedByComposite: 0
  m_Offset: {x: -0.06, y: -0.6}
  m_SpriteTilingProperty:
    border: {x: 0, y: 0, z: 0, w: 0}
    pivot: {x: 0, y: 0}
    oldSize: {x: 0, y: 0}
    newSize: {x: 0, y: 0}
    adaptiveTilingThreshold: 0
    drawMode: 0
    adaptiveTiling: 0
  m_AutoTiling: 0
  serializedVersion: 2
  m_Size: {x: 0.9, y: 0.3}
  m_EdgeRadius: 0
--- !u!70 &4515792379260379256
CapsuleCollider2D:
  m_ObjectHideFlags: 0
  m_CorrespondingSourceObject: {fileID: 0}
  m_PrefabInstance: {fileID: 0}
  m_PrefabAsset: {fileID: 0}
  m_GameObject: {fileID: 4515792379260379261}
  m_Enabled: 1
  m_Density: 1
  m_Material: {fileID: 0}
  m_IsTrigger: 1
  m_UsedByEffector: 0
  m_UsedByComposite: 0
  m_Offset: {x: 0, y: -0.2}
  m_Size: {x: 4, y: 2.5}
  m_Direction: 1
--- !u!114 &4515792379260379263
MonoBehaviour:
  m_ObjectHideFlags: 0
  m_CorrespondingSourceObject: {fileID: 0}
  m_PrefabInstance: {fileID: 0}
  m_PrefabAsset: {fileID: 0}
  m_GameObject: {fileID: 4515792379260379261}
  m_Enabled: 1
  m_EditorHideFlags: 0
  m_Script: {fileID: 11500000, guid: e064503b0dbc81d4dad09c68235bf84f, type: 3}
  m_Name: 
  m_EditorClassIdentifier: 
  fuelMax: 10
  currentFuel: 0
  fuelConsumeRate: 0.01
  inLightSource: 0
  moveSpeed: 40
  sr: {fileID: 4515792378940860535}
  animator: {fileID: 4515792378940860533}
  rb: {fileID: 4515792379260379258}
  craftedTorch: 0
  holdingTorch: 0
  torchLight: {fileID: 4515792378380618858}
  fire: {fileID: 0}
  distance: 0
  craftRange: 0
  radMenu: {fileID: 2228111031598890595, guid: 7d6121d951f8df54ab211193309a6c66, type: 3}
  currentNote: {fileID: 0}
  safetyTime: 5
  safetyTimer: 0
  deathScreen: {fileID: 0}
--- !u!114 &4515792379260379262
MonoBehaviour:
  m_ObjectHideFlags: 0
  m_CorrespondingSourceObject: {fileID: 0}
  m_PrefabInstance: {fileID: 0}
  m_PrefabAsset: {fileID: 0}
  m_GameObject: {fileID: 4515792379260379261}
  m_Enabled: 1
  m_EditorHideFlags: 0
  m_Script: {fileID: 11500000, guid: e7de7af9f323ef24cadc0a4f1e44502d, type: 3}
  m_Name: 
  m_EditorClassIdentifier: 
  collider: {fileID: 4515792379260379256}
  closestItem: {fileID: 0}
  itemsInRange: []
  HUDScript: {fileID: 0}
  wood: 0
  stone: 0
  gems: 0
--- !u!1001 &4515792378378228676
PrefabInstance:
  m_ObjectHideFlags: 0
  serializedVersion: 2
  m_Modification:
    m_TransformParent: {fileID: 4515792378380618859}
    m_Modifications:
    - target: {fileID: 6116543736905814335, guid: b3728fc9f514c02448355bd56c9145d9,
        type: 3}
      propertyPath: m_RootOrder
      value: 0
      objectReference: {fileID: 0}
    - target: {fileID: 6116543736905814335, guid: b3728fc9f514c02448355bd56c9145d9,
        type: 3}
      propertyPath: m_LocalPosition.x
      value: 0
      objectReference: {fileID: 0}
    - target: {fileID: 6116543736905814335, guid: b3728fc9f514c02448355bd56c9145d9,
        type: 3}
      propertyPath: m_LocalPosition.y
      value: -0.2
      objectReference: {fileID: 0}
    - target: {fileID: 6116543736905814335, guid: b3728fc9f514c02448355bd56c9145d9,
        type: 3}
      propertyPath: m_LocalPosition.z
      value: 3
      objectReference: {fileID: 0}
    - target: {fileID: 6116543736905814335, guid: b3728fc9f514c02448355bd56c9145d9,
        type: 3}
      propertyPath: m_LocalRotation.w
      value: 1
      objectReference: {fileID: 0}
    - target: {fileID: 6116543736905814335, guid: b3728fc9f514c02448355bd56c9145d9,
        type: 3}
      propertyPath: m_LocalRotation.x
      value: -0
      objectReference: {fileID: 0}
    - target: {fileID: 6116543736905814335, guid: b3728fc9f514c02448355bd56c9145d9,
        type: 3}
      propertyPath: m_LocalRotation.y
      value: -0
      objectReference: {fileID: 0}
    - target: {fileID: 6116543736905814335, guid: b3728fc9f514c02448355bd56c9145d9,
        type: 3}
      propertyPath: m_LocalRotation.z
      value: -0
      objectReference: {fileID: 0}
    - target: {fileID: 6116543736905814335, guid: b3728fc9f514c02448355bd56c9145d9,
        type: 3}
      propertyPath: m_LocalEulerAnglesHint.x
      value: 0
      objectReference: {fileID: 0}
    - target: {fileID: 6116543736905814335, guid: b3728fc9f514c02448355bd56c9145d9,
        type: 3}
      propertyPath: m_LocalEulerAnglesHint.y
      value: 0
      objectReference: {fileID: 0}
    - target: {fileID: 6116543736905814335, guid: b3728fc9f514c02448355bd56c9145d9,
        type: 3}
      propertyPath: m_LocalEulerAnglesHint.z
      value: 0
      objectReference: {fileID: 0}
    - target: {fileID: 8693736997651385450, guid: b3728fc9f514c02448355bd56c9145d9,
        type: 3}
      propertyPath: m_Name
      value: Parametric Light 2D (1)
      objectReference: {fileID: 0}
    - target: {fileID: 8779933866607155672, guid: b3728fc9f514c02448355bd56c9145d9,
        type: 3}
      propertyPath: m_Color.b
      value: 1
      objectReference: {fileID: 0}
    - target: {fileID: 8779933866607155672, guid: b3728fc9f514c02448355bd56c9145d9,
        type: 3}
      propertyPath: m_Color.g
      value: 1
      objectReference: {fileID: 0}
    - target: {fileID: 8779933866607155672, guid: b3728fc9f514c02448355bd56c9145d9,
        type: 3}
      propertyPath: m_Color.r
      value: 1
      objectReference: {fileID: 0}
    - target: {fileID: 8779933866607155672, guid: b3728fc9f514c02448355bd56c9145d9,
        type: 3}
      propertyPath: m_Intensity
      value: 0.4
      objectReference: {fileID: 0}
    - target: {fileID: 8779933866607155672, guid: b3728fc9f514c02448355bd56c9145d9,
        type: 3}
      propertyPath: m_ShadowIntensity
      value: 0.565
      objectReference: {fileID: 0}
    - target: {fileID: 8779933866607155672, guid: b3728fc9f514c02448355bd56c9145d9,
        type: 3}
      propertyPath: m_FalloffIntensity
      value: 0.787
      objectReference: {fileID: 0}
    - target: {fileID: 8779933866607155672, guid: b3728fc9f514c02448355bd56c9145d9,
        type: 3}
      propertyPath: m_AlphaBlendOnOverlap
      value: 1
      objectReference: {fileID: 0}
    - target: {fileID: 8779933866607155672, guid: b3728fc9f514c02448355bd56c9145d9,
        type: 3}
      propertyPath: m_ShapeLightFalloffSize
      value: 3
      objectReference: {fileID: 0}
    - target: {fileID: 8779933866607155672, guid: b3728fc9f514c02448355bd56c9145d9,
        type: 3}
      propertyPath: m_ShapeLightParametricSides
      value: 48
      objectReference: {fileID: 0}
    m_RemovedComponents: []
  m_SourcePrefab: {fileID: 100100000, guid: b3728fc9f514c02448355bd56c9145d9, type: 3}
--- !u!4 &7658658281213117179 stripped
Transform:
  m_CorrespondingSourceObject: {fileID: 6116543736905814335, guid: b3728fc9f514c02448355bd56c9145d9,
    type: 3}
  m_PrefabInstance: {fileID: 4515792378378228676}
  m_PrefabAsset: {fileID: 0}
--- !u!1001 &4515792379378151564
PrefabInstance:
  m_ObjectHideFlags: 0
  serializedVersion: 2
  m_Modification:
    m_TransformParent: {fileID: 4515792378380618859}
    m_Modifications:
    - target: {fileID: 6116543736905814335, guid: b3728fc9f514c02448355bd56c9145d9,
        type: 3}
      propertyPath: m_RootOrder
      value: 1
      objectReference: {fileID: 0}
    - target: {fileID: 6116543736905814335, guid: b3728fc9f514c02448355bd56c9145d9,
        type: 3}
      propertyPath: m_LocalPosition.x
      value: 0
      objectReference: {fileID: 0}
    - target: {fileID: 6116543736905814335, guid: b3728fc9f514c02448355bd56c9145d9,
        type: 3}
      propertyPath: m_LocalPosition.y
      value: -0.2
      objectReference: {fileID: 0}
    - target: {fileID: 6116543736905814335, guid: b3728fc9f514c02448355bd56c9145d9,
        type: 3}
      propertyPath: m_LocalPosition.z
      value: 3
      objectReference: {fileID: 0}
    - target: {fileID: 6116543736905814335, guid: b3728fc9f514c02448355bd56c9145d9,
        type: 3}
      propertyPath: m_LocalRotation.w
      value: 1
      objectReference: {fileID: 0}
    - target: {fileID: 6116543736905814335, guid: b3728fc9f514c02448355bd56c9145d9,
        type: 3}
      propertyPath: m_LocalRotation.x
      value: -0
      objectReference: {fileID: 0}
    - target: {fileID: 6116543736905814335, guid: b3728fc9f514c02448355bd56c9145d9,
        type: 3}
      propertyPath: m_LocalRotation.y
      value: -0
      objectReference: {fileID: 0}
    - target: {fileID: 6116543736905814335, guid: b3728fc9f514c02448355bd56c9145d9,
        type: 3}
      propertyPath: m_LocalRotation.z
      value: -0
      objectReference: {fileID: 0}
    - target: {fileID: 6116543736905814335, guid: b3728fc9f514c02448355bd56c9145d9,
        type: 3}
      propertyPath: m_LocalEulerAnglesHint.x
      value: 0
      objectReference: {fileID: 0}
    - target: {fileID: 6116543736905814335, guid: b3728fc9f514c02448355bd56c9145d9,
        type: 3}
      propertyPath: m_LocalEulerAnglesHint.y
      value: 0
      objectReference: {fileID: 0}
    - target: {fileID: 6116543736905814335, guid: b3728fc9f514c02448355bd56c9145d9,
        type: 3}
      propertyPath: m_LocalEulerAnglesHint.z
      value: 0
      objectReference: {fileID: 0}
    - target: {fileID: 8693736997651385450, guid: b3728fc9f514c02448355bd56c9145d9,
        type: 3}
      propertyPath: m_Name
      value: Parametric Light 2D
      objectReference: {fileID: 0}
    - target: {fileID: 8779933866607155672, guid: b3728fc9f514c02448355bd56c9145d9,
        type: 3}
      propertyPath: m_Color.b
      value: 1
      objectReference: {fileID: 0}
    - target: {fileID: 8779933866607155672, guid: b3728fc9f514c02448355bd56c9145d9,
        type: 3}
      propertyPath: m_Color.g
      value: 1
      objectReference: {fileID: 0}
    - target: {fileID: 8779933866607155672, guid: b3728fc9f514c02448355bd56c9145d9,
        type: 3}
      propertyPath: m_Color.r
      value: 1
      objectReference: {fileID: 0}
    - target: {fileID: 8779933866607155672, guid: b3728fc9f514c02448355bd56c9145d9,
        type: 3}
      propertyPath: m_Intensity
      value: 1
      objectReference: {fileID: 0}
    - target: {fileID: 8779933866607155672, guid: b3728fc9f514c02448355bd56c9145d9,
        type: 3}
      propertyPath: m_LightOrder
      value: 1
      objectReference: {fileID: 0}
    - target: {fileID: 8779933866607155672, guid: b3728fc9f514c02448355bd56c9145d9,
        type: 3}
      propertyPath: m_ShadowIntensity
      value: 0
      objectReference: {fileID: 0}
    - target: {fileID: 8779933866607155672, guid: b3728fc9f514c02448355bd56c9145d9,
        type: 3}
      propertyPath: m_FalloffIntensity
      value: 0.787
      objectReference: {fileID: 0}
    - target: {fileID: 8779933866607155672, guid: b3728fc9f514c02448355bd56c9145d9,
        type: 3}
      propertyPath: m_AlphaBlendOnOverlap
      value: 1
      objectReference: {fileID: 0}
    - target: {fileID: 8779933866607155672, guid: b3728fc9f514c02448355bd56c9145d9,
        type: 3}
      propertyPath: m_ShapeLightFalloffSize
      value: 3
      objectReference: {fileID: 0}
    - target: {fileID: 8779933866607155672, guid: b3728fc9f514c02448355bd56c9145d9,
        type: 3}
      propertyPath: m_ShapeLightParametricRadius
      value: 3
      objectReference: {fileID: 0}
    m_RemovedComponents: []
  m_SourcePrefab: {fileID: 100100000, guid: b3728fc9f514c02448355bd56c9145d9, type: 3}
--- !u!4 &7658658282745717171 stripped
Transform:
  m_CorrespondingSourceObject: {fileID: 6116543736905814335, guid: b3728fc9f514c02448355bd56c9145d9,
    type: 3}
  m_PrefabInstance: {fileID: 4515792379378151564}
  m_PrefabAsset: {fileID: 0}
