%YAML 1.1
%TAG !u! tag:unity3d.com,2011:
--- !u!1 &4459646577473766538
GameObject:
  m_ObjectHideFlags: 0
  m_CorrespondingSourceObject: {fileID: 0}
  m_PrefabInstance: {fileID: 0}
  m_PrefabAsset: {fileID: 0}
  serializedVersion: 6
  m_Component:
  - component: {fileID: 4459646577473766539}
  m_Layer: 0
  m_Name: FireLight
  m_TagString: Untagged
  m_Icon: {fileID: 0}
  m_NavMeshLayer: 0
  m_StaticEditorFlags: 0
  m_IsActive: 1
--- !u!4 &4459646577473766539
Transform:
  m_ObjectHideFlags: 0
  m_CorrespondingSourceObject: {fileID: 0}
  m_PrefabInstance: {fileID: 0}
  m_PrefabAsset: {fileID: 0}
  m_GameObject: {fileID: 4459646577473766538}
  m_LocalRotation: {x: 0, y: 0, z: 0, w: 1}
  m_LocalPosition: {x: 0, y: -0.3, z: 0}
  m_LocalScale: {x: 1, y: 0.7, z: 1}
  m_Children:
  - {fileID: 7566483811543785456}
  - {fileID: 7566483812021437853}
  m_Father: {fileID: 4459646577974595528}
  m_RootOrder: 0
  m_LocalEulerAnglesHint: {x: 0, y: 0, z: 0}
--- !u!1 &4459646577974595573
GameObject:
  m_ObjectHideFlags: 0
  m_CorrespondingSourceObject: {fileID: 0}
  m_PrefabInstance: {fileID: 0}
  m_PrefabAsset: {fileID: 0}
  serializedVersion: 6
  m_Component:
  - component: {fileID: 4459646577974595528}
  - component: {fileID: 4459646577974595531}
  - component: {fileID: 4459646577974595530}
  - component: {fileID: 4459646577974595534}
  - component: {fileID: 4459646577974595529}
  - component: {fileID: 3054357103743358211}
  m_Layer: 0
  m_Name: Fire
  m_TagString: Untagged
  m_Icon: {fileID: 0}
  m_NavMeshLayer: 0
  m_StaticEditorFlags: 0
  m_IsActive: 1
--- !u!4 &4459646577974595528
Transform:
  m_ObjectHideFlags: 0
  m_CorrespondingSourceObject: {fileID: 0}
  m_PrefabInstance: {fileID: 0}
  m_PrefabAsset: {fileID: 0}
  m_GameObject: {fileID: 4459646577974595573}
  m_LocalRotation: {x: 0, y: 0, z: 0, w: 1}
  m_LocalPosition: {x: -11.14, y: 0.56, z: 0}
  m_LocalScale: {x: 1, y: 1, z: 1}
  m_Children:
  - {fileID: 4459646577473766539}
  m_Father: {fileID: 0}
  m_RootOrder: 0
  m_LocalEulerAnglesHint: {x: 0, y: 0, z: 0}
--- !u!212 &4459646577974595531
SpriteRenderer:
  m_ObjectHideFlags: 0
  m_CorrespondingSourceObject: {fileID: 0}
  m_PrefabInstance: {fileID: 0}
  m_PrefabAsset: {fileID: 0}
  m_GameObject: {fileID: 4459646577974595573}
  m_Enabled: 1
  m_CastShadows: 0
  m_ReceiveShadows: 0
  m_DynamicOccludee: 1
  m_MotionVectors: 1
  m_LightProbeUsage: 1
  m_ReflectionProbeUsage: 1
  m_RayTracingMode: 0
  m_RenderingLayerMask: 1
  m_RendererPriority: 0
  m_Materials:
  - {fileID: 2100000, guid: a97c105638bdf8b4a8650670310a4cd3, type: 2}
  m_StaticBatchInfo:
    firstSubMesh: 0
    subMeshCount: 0
  m_StaticBatchRoot: {fileID: 0}
  m_ProbeAnchor: {fileID: 0}
  m_LightProbeVolumeOverride: {fileID: 0}
  m_ScaleInLightmap: 1
  m_ReceiveGI: 1
  m_PreserveUVs: 0
  m_IgnoreNormalsForChartDetection: 0
  m_ImportantGI: 0
  m_StitchLightmapSeams: 1
  m_SelectedEditorRenderState: 0
  m_MinimumChartSize: 4
  m_AutoUVMaxDistance: 0.5
  m_AutoUVMaxAngle: 89
  m_LightmapParameters: {fileID: 0}
  m_SortingLayerID: 0
  m_SortingLayer: 0
  m_SortingOrder: 0
  m_Sprite: {fileID: -3294750073608253905, guid: 194ee6f597305c041ac4d70b2e30d01f,
    type: 3}
  m_Color: {r: 1, g: 1, b: 1, a: 1}
  m_FlipX: 0
  m_FlipY: 0
  m_DrawMode: 0
  m_Size: {x: 8, y: 8}
  m_AdaptiveModeThreshold: 0.5
  m_SpriteTileMode: 0
  m_WasSpriteAssigned: 1
  m_MaskInteraction: 0
  m_SpriteSortPoint: 0
--- !u!95 &4459646577974595530
Animator:
  serializedVersion: 3
  m_ObjectHideFlags: 0
  m_CorrespondingSourceObject: {fileID: 0}
  m_PrefabInstance: {fileID: 0}
  m_PrefabAsset: {fileID: 0}
  m_GameObject: {fileID: 4459646577974595573}
  m_Enabled: 1
  m_Avatar: {fileID: 0}
  m_Controller: {fileID: 9100000, guid: 6f9e877dcda2d26468a98a2856d5b70b, type: 2}
  m_CullingMode: 0
  m_UpdateMode: 0
  m_ApplyRootMotion: 0
  m_LinearVelocityBlending: 0
  m_WarningMessage: 
  m_HasTransformHierarchy: 1
  m_AllowConstantClipSamplingOptimization: 1
  m_KeepAnimatorControllerStateOnDisable: 0
--- !u!61 &4459646577974595534
BoxCollider2D:
  m_ObjectHideFlags: 0
  m_CorrespondingSourceObject: {fileID: 0}
  m_PrefabInstance: {fileID: 0}
  m_PrefabAsset: {fileID: 0}
  m_GameObject: {fileID: 4459646577974595573}
  m_Enabled: 1
  m_Density: 1
  m_Material: {fileID: 0}
  m_IsTrigger: 0
  m_UsedByEffector: 0
  m_UsedByComposite: 0
  m_Offset: {x: 0, y: -0.3}
  m_SpriteTilingProperty:
    border: {x: 0, y: 0, z: 0, w: 0}
    pivot: {x: 0.5, y: 0.5}
    oldSize: {x: 8, y: 8}
    newSize: {x: 8, y: 8}
    adaptiveTilingThreshold: 0.5
    drawMode: 0
    adaptiveTiling: 0
  m_AutoTiling: 0
  serializedVersion: 2
  m_Size: {x: 1, y: 0.4}
  m_EdgeRadius: 0
--- !u!114 &4459646577974595529
MonoBehaviour:
  m_ObjectHideFlags: 0
  m_CorrespondingSourceObject: {fileID: 0}
  m_PrefabInstance: {fileID: 0}
  m_PrefabAsset: {fileID: 0}
  m_GameObject: {fileID: 4459646577974595573}
  m_Enabled: 1
  m_EditorHideFlags: 0
  m_Script: {fileID: 11500000, guid: e2a478887ec918844bb33d6026a74347, type: 3}
  m_Name: 
  m_EditorClassIdentifier: 
  percentageFill: 100
  lightObject: {fileID: 4459646577473766538}
  MaxReduction: 2
  MaxIncrease: 2
  RateDamping: 0.1
  Strength: 300
  StopFlickering: 0
--- !u!114 &3054357103743358211
MonoBehaviour:
  m_ObjectHideFlags: 0
  m_CorrespondingSourceObject: {fileID: 0}
  m_PrefabInstance: {fileID: 0}
  m_PrefabAsset: {fileID: 0}
  m_GameObject: {fileID: 4459646577974595573}
  m_Enabled: 1
  m_EditorHideFlags: 0
  m_Script: {fileID: 11500000, guid: 675723d62747e094e959bf1e3027fbc3, type: 3}
  m_Name: 
  m_EditorClassIdentifier: 
  options:
  - color: {r: 0, g: 0, b: 0, a: 0}
    sprite: {fileID: 21300000, guid: 0367046db29069f44af0193c39bfcaf5, type: 3}
    title: Upgrade
  - color: {r: 0, g: 0, b: 0, a: 0}
    sprite: {fileID: 0}
    title: Torch
  - color: {r: 0.1254902, g: 0.1254902, b: 0.1254902, a: 0}
    sprite: {fileID: 21300000, guid: 10f1f302155f81b49b9d8463a2b60c39, type: 3}
    title: Refuel
--- !u!1001 &4459646577390212258
PrefabInstance:
  m_ObjectHideFlags: 0
  serializedVersion: 2
  m_Modification:
    m_TransformParent: {fileID: 4459646577473766539}
    m_Modifications:
    - target: {fileID: 6116543736905814335, guid: b3728fc9f514c02448355bd56c9145d9,
        type: 3}
      propertyPath: m_RootOrder
      value: 1
      objectReference: {fileID: 0}
    - target: {fileID: 6116543736905814335, guid: b3728fc9f514c02448355bd56c9145d9,
        type: 3}
      propertyPath: m_LocalScale.x
      value: 1
      objectReference: {fileID: 0}
    - target: {fileID: 6116543736905814335, guid: b3728fc9f514c02448355bd56c9145d9,
        type: 3}
      propertyPath: m_LocalScale.y
      value: 1
      objectReference: {fileID: 0}
    - target: {fileID: 6116543736905814335, guid: b3728fc9f514c02448355bd56c9145d9,
        type: 3}
      propertyPath: m_LocalPosition.x
      value: 0
      objectReference: {fileID: 0}
    - target: {fileID: 6116543736905814335, guid: b3728fc9f514c02448355bd56c9145d9,
        type: 3}
      propertyPath: m_LocalPosition.y
      value: 0
      objectReference: {fileID: 0}
    - target: {fileID: 6116543736905814335, guid: b3728fc9f514c02448355bd56c9145d9,
        type: 3}
      propertyPath: m_LocalPosition.z
      value: 0
      objectReference: {fileID: 0}
    - target: {fileID: 6116543736905814335, guid: b3728fc9f514c02448355bd56c9145d9,
        type: 3}
      propertyPath: m_LocalRotation.w
      value: 1
      objectReference: {fileID: 0}
    - target: {fileID: 6116543736905814335, guid: b3728fc9f514c02448355bd56c9145d9,
        type: 3}
      propertyPath: m_LocalRotation.x
      value: -0
      objectReference: {fileID: 0}
    - target: {fileID: 6116543736905814335, guid: b3728fc9f514c02448355bd56c9145d9,
        type: 3}
      propertyPath: m_LocalRotation.y
      value: -0
      objectReference: {fileID: 0}
    - target: {fileID: 6116543736905814335, guid: b3728fc9f514c02448355bd56c9145d9,
        type: 3}
      propertyPath: m_LocalRotation.z
      value: -0
      objectReference: {fileID: 0}
    - target: {fileID: 6116543736905814335, guid: b3728fc9f514c02448355bd56c9145d9,
        type: 3}
      propertyPath: m_LocalEulerAnglesHint.x
      value: 0
      objectReference: {fileID: 0}
    - target: {fileID: 6116543736905814335, guid: b3728fc9f514c02448355bd56c9145d9,
        type: 3}
      propertyPath: m_LocalEulerAnglesHint.y
      value: 0
      objectReference: {fileID: 0}
    - target: {fileID: 6116543736905814335, guid: b3728fc9f514c02448355bd56c9145d9,
        type: 3}
      propertyPath: m_LocalEulerAnglesHint.z
      value: 0
      objectReference: {fileID: 0}
    - target: {fileID: 8693736997651385450, guid: b3728fc9f514c02448355bd56c9145d9,
        type: 3}
      propertyPath: m_Name
      value: Parametric Light 2D (3)
      objectReference: {fileID: 0}
    - target: {fileID: 8779933866607155672, guid: b3728fc9f514c02448355bd56c9145d9,
        type: 3}
      propertyPath: m_Color.b
      value: 1
      objectReference: {fileID: 0}
    - target: {fileID: 8779933866607155672, guid: b3728fc9f514c02448355bd56c9145d9,
        type: 3}
      propertyPath: m_Color.g
      value: 1
      objectReference: {fileID: 0}
    - target: {fileID: 8779933866607155672, guid: b3728fc9f514c02448355bd56c9145d9,
        type: 3}
      propertyPath: m_Color.r
      value: 1
      objectReference: {fileID: 0}
    - target: {fileID: 8779933866607155672, guid: b3728fc9f514c02448355bd56c9145d9,
        type: 3}
      propertyPath: m_Intensity
      value: 1
      objectReference: {fileID: 0}
    - target: {fileID: 8779933866607155672, guid: b3728fc9f514c02448355bd56c9145d9,
        type: 3}
      propertyPath: m_LightOrder
      value: 1
      objectReference: {fileID: 0}
    - target: {fileID: 8779933866607155672, guid: b3728fc9f514c02448355bd56c9145d9,
        type: 3}
      propertyPath: m_UseNormalMap
      value: 0
      objectReference: {fileID: 0}
    - target: {fileID: 8779933866607155672, guid: b3728fc9f514c02448355bd56c9145d9,
        type: 3}
      propertyPath: m_ShadowIntensity
      value: 0
      objectReference: {fileID: 0}
    - target: {fileID: 8779933866607155672, guid: b3728fc9f514c02448355bd56c9145d9,
        type: 3}
      propertyPath: m_FalloffIntensity
      value: 0.617
      objectReference: {fileID: 0}
    - target: {fileID: 8779933866607155672, guid: b3728fc9f514c02448355bd56c9145d9,
        type: 3}
      propertyPath: m_PointLightDistance
      value: 111111
      objectReference: {fileID: 0}
    - target: {fileID: 8779933866607155672, guid: b3728fc9f514c02448355bd56c9145d9,
        type: 3}
      propertyPath: m_AlphaBlendOnOverlap
      value: 1
      objectReference: {fileID: 0}
    - target: {fileID: 8779933866607155672, guid: b3728fc9f514c02448355bd56c9145d9,
        type: 3}
      propertyPath: m_ShapeLightFalloffSize
      value: 3
      objectReference: {fileID: 0}
    - target: {fileID: 8779933866607155672, guid: b3728fc9f514c02448355bd56c9145d9,
        type: 3}
      propertyPath: m_ShapeLightParametricRadius
      value: 5
      objectReference: {fileID: 0}
    - target: {fileID: 8779933866607155672, guid: b3728fc9f514c02448355bd56c9145d9,
        type: 3}
      propertyPath: m_ShapeLightParametricAngleOffset
      value: 0
      objectReference: {fileID: 0}
    m_RemovedComponents: []
  m_SourcePrefab: {fileID: 100100000, guid: b3728fc9f514c02448355bd56c9145d9, type: 3}
--- !u!4 &7566483812021437853 stripped
Transform:
  m_CorrespondingSourceObject: {fileID: 6116543736905814335, guid: b3728fc9f514c02448355bd56c9145d9,
    type: 3}
  m_PrefabInstance: {fileID: 4459646577390212258}
  m_PrefabAsset: {fileID: 0}
--- !u!1001 &4459646578019716815
PrefabInstance:
  m_ObjectHideFlags: 0
  serializedVersion: 2
  m_Modification:
    m_TransformParent: {fileID: 4459646577473766539}
    m_Modifications:
    - target: {fileID: 6116543736905814335, guid: b3728fc9f514c02448355bd56c9145d9,
        type: 3}
      propertyPath: m_RootOrder
      value: 0
      objectReference: {fileID: 0}
    - target: {fileID: 6116543736905814335, guid: b3728fc9f514c02448355bd56c9145d9,
        type: 3}
      propertyPath: m_LocalScale.x
      value: 1
      objectReference: {fileID: 0}
    - target: {fileID: 6116543736905814335, guid: b3728fc9f514c02448355bd56c9145d9,
        type: 3}
      propertyPath: m_LocalScale.y
      value: 1
      objectReference: {fileID: 0}
    - target: {fileID: 6116543736905814335, guid: b3728fc9f514c02448355bd56c9145d9,
        type: 3}
      propertyPath: m_LocalPosition.x
      value: 0
      objectReference: {fileID: 0}
    - target: {fileID: 6116543736905814335, guid: b3728fc9f514c02448355bd56c9145d9,
        type: 3}
      propertyPath: m_LocalPosition.y
      value: 0
      objectReference: {fileID: 0}
    - target: {fileID: 6116543736905814335, guid: b3728fc9f514c02448355bd56c9145d9,
        type: 3}
      propertyPath: m_LocalPosition.z
      value: 0
      objectReference: {fileID: 0}
    - target: {fileID: 6116543736905814335, guid: b3728fc9f514c02448355bd56c9145d9,
        type: 3}
      propertyPath: m_LocalRotation.w
      value: 1
      objectReference: {fileID: 0}
    - target: {fileID: 6116543736905814335, guid: b3728fc9f514c02448355bd56c9145d9,
        type: 3}
      propertyPath: m_LocalRotation.x
      value: -0
      objectReference: {fileID: 0}
    - target: {fileID: 6116543736905814335, guid: b3728fc9f514c02448355bd56c9145d9,
        type: 3}
      propertyPath: m_LocalRotation.y
      value: -0
      objectReference: {fileID: 0}
    - target: {fileID: 6116543736905814335, guid: b3728fc9f514c02448355bd56c9145d9,
        type: 3}
      propertyPath: m_LocalRotation.z
      value: -0
      objectReference: {fileID: 0}
    - target: {fileID: 6116543736905814335, guid: b3728fc9f514c02448355bd56c9145d9,
        type: 3}
      propertyPath: m_LocalEulerAnglesHint.x
      value: 0
      objectReference: {fileID: 0}
    - target: {fileID: 6116543736905814335, guid: b3728fc9f514c02448355bd56c9145d9,
        type: 3}
      propertyPath: m_LocalEulerAnglesHint.y
      value: 0
      objectReference: {fileID: 0}
    - target: {fileID: 6116543736905814335, guid: b3728fc9f514c02448355bd56c9145d9,
        type: 3}
      propertyPath: m_LocalEulerAnglesHint.z
      value: 0
      objectReference: {fileID: 0}
    - target: {fileID: 8693736997651385450, guid: b3728fc9f514c02448355bd56c9145d9,
        type: 3}
      propertyPath: m_Name
      value: Parametric Light 2D (2)
      objectReference: {fileID: 0}
    - target: {fileID: 8779933866607155672, guid: b3728fc9f514c02448355bd56c9145d9,
        type: 3}
      propertyPath: m_Color.b
      value: 1
      objectReference: {fileID: 0}
    - target: {fileID: 8779933866607155672, guid: b3728fc9f514c02448355bd56c9145d9,
        type: 3}
      propertyPath: m_Color.g
      value: 1
      objectReference: {fileID: 0}
    - target: {fileID: 8779933866607155672, guid: b3728fc9f514c02448355bd56c9145d9,
        type: 3}
      propertyPath: m_Color.r
      value: 1
      objectReference: {fileID: 0}
    - target: {fileID: 8779933866607155672, guid: b3728fc9f514c02448355bd56c9145d9,
        type: 3}
      propertyPath: m_Intensity
      value: 0.4
      objectReference: {fileID: 0}
    - target: {fileID: 8779933866607155672, guid: b3728fc9f514c02448355bd56c9145d9,
        type: 3}
      propertyPath: m_ShadowIntensity
      value: 0.565
      objectReference: {fileID: 0}
    - target: {fileID: 8779933866607155672, guid: b3728fc9f514c02448355bd56c9145d9,
        type: 3}
      propertyPath: m_FalloffIntensity
      value: 0.617
      objectReference: {fileID: 0}
    - target: {fileID: 8779933866607155672, guid: b3728fc9f514c02448355bd56c9145d9,
        type: 3}
      propertyPath: m_AlphaBlendOnOverlap
      value: 1
      objectReference: {fileID: 0}
    - target: {fileID: 8779933866607155672, guid: b3728fc9f514c02448355bd56c9145d9,
        type: 3}
      propertyPath: m_ShapeLightFalloffSize
      value: 3
      objectReference: {fileID: 0}
    - target: {fileID: 8779933866607155672, guid: b3728fc9f514c02448355bd56c9145d9,
        type: 3}
      propertyPath: m_ShapeLightParametricSides
      value: 48
      objectReference: {fileID: 0}
    - target: {fileID: 8779933866607155672, guid: b3728fc9f514c02448355bd56c9145d9,
        type: 3}
      propertyPath: m_ShapeLightParametricRadius
      value: 8
      objectReference: {fileID: 0}
    - target: {fileID: 8779933866607155672, guid: b3728fc9f514c02448355bd56c9145d9,
        type: 3}
      propertyPath: m_ShapeLightParametricAngleOffset
      value: 0
      objectReference: {fileID: 0}
    m_RemovedComponents: []
  m_SourcePrefab: {fileID: 100100000, guid: b3728fc9f514c02448355bd56c9145d9, type: 3}
--- !u!4 &7566483811543785456 stripped
Transform:
  m_CorrespondingSourceObject: {fileID: 6116543736905814335, guid: b3728fc9f514c02448355bd56c9145d9,
    type: 3}
  m_PrefabInstance: {fileID: 4459646578019716815}
  m_PrefabAsset: {fileID: 0}
